@article{einstein,
	author =       "Albert Einstein",
	title =        "{Zur Elektrodynamik bewegter K{\"o}rper}. ({German})
	[{On} the electrodynamics of moving bodies]",
	journal =      "Annalen der Physik",
	volume =       "322",
	number =       "10",
	pages =        "891--921",
	year =         "1905",
	DOI =          "http://dx.doi.org/10.1002/andp.19053221004"
}

@book{ParaComputation,
	author    = "David B. Kirk and Wen-mei W. Hwu",
	title     = "Programming\ Massively\ Parallel\ Processors",
	year      = "2017",
	isbn	  = "978-0-12-811986-0",
	publisher = "Katey Birtcher",
	address   = "MPS Limited, Chennai, India"
}

@misc{cudaGuide,
	author    = "NVIDIA-Corporation",
	title     = "CUDA C Programming Guide",
	url       = "https://docs.nvidia.com/cuda/cuda-c-programming-guide/index.html"
}